@article{NLoM-maximal-lifespan,
  title     = "No limit to maximal lifespan in humans: how to beat a
               122-year-old record",
  author    = "Blagosklonny, Mikhail V",
  journal   = "Oncoscience",
  publisher = "Impact Journals, LLC",
  volume    =  8,
  month     =  dec,
  year      =  2021,
},
@article{owid-life-expectancy,
    author = {Saloni Dattani and Lucas Rod√©s-Guirao and Hannah Ritchie and Esteban Ortiz-Ospina and Max Roser},
    title = {Life Expectancy},
    journal = {Our World in Data},
    year = {2023},
    note = {https://ourworldindata.org/life-expectancy}
},
@article{PMC-blue-zones,
  title     = "Blue Zones: Lessons from the world's longest lived",
  author    = "Buettner, Dan and Skemp, Sam",
  journal   = "Am. J. Lifestyle Med.",
  publisher = "SAGE Publications",
  volume    =  10,
  number    =  5,
  pages     = "318--321",
  month     =  sep,
  year      =  2016,
},
@online{NIH-healthy-habits,
    author = {Tianna Hicklin},
    year = 2018,
    url = {https://www.nih.gov/news-events/nih-research-matters/healthy-habits-can-lengthen-life},
    urldate = {2025-03-31}
},
@article{NLoM-sitting-smoking,
  title     = "Sitting is the new smoking: where do we stand?",
  author    = "Baddeley, Benjamin and Sornalingam, Sangeetha and Cooper, Max",
  journal   = "Br. J. Gen. Pract.",
  publisher = "Royal College of General Practitioners",
  volume    =  66,
  number    =  646,
  pages     = "258",
  month     =  may,
  year      =  2016,
},
@online{Clay-navier-stokes,
  author = {Clay Mathematics Institute},
  title = {Navier-Stokes Equation},
  year = 2025,
  url = {https://www.claymath.org/millennium/navier-stokes-equation/},
  urldate = {2025-04-01}
},
@book{Silver-signal-and-noise,
  title={The Signal and the Noise: Why So Many Predictions Fail-but Some Don't},
  author={Silver, N.},
  isbn={9781101595954},
  url={https://books.google.com/books?id=SI-VqAT4_hYC},
  year={2012},
  publisher={Penguin Publishing Group}
},
@online{Census-population,
  author = {United States Census},
  title = {Population},
  year = 2024,
  url = {https://www.census.gov/topics/population.html},
  urldate = {2025-04-02}
},
@article{SciDirect-smoking-sleeping,
    title = {How smoking affects sleep: A polysomnographical analysis},
    journal = {Sleep Medicine},
    volume = {13},
    number = {10},
    pages = {1286-1292},
    year = {2012},
    issn = {1389-9457},
    doi = {https://doi.org/10.1016/j.sleep.2012.06.026},
    url = {https://www.sciencedirect.com/science/article/pii/S1389945712002882},
    author = {Andreas Jaehne and Thomas Unbehaun and Bernd Feige and Ulrich C. Lutz and Anil Batra and Dieter Riemann},
}
