@book{axler,
    title = {Linear Algebra Done Right},
    author = {Sheldon Axler},
    isbn = {9783031410253},
    year = {2023},
    publisher  = {Springer},
    edition = {4}
}
